<?xml version="1.0" encoding="UTF-8"?><record xmlns="http://www.loc.gov/MARC21/slim" xmlns:cinclude="http://apache.org/cocoon/include/1.0" xmlns:zs="http://www.loc.gov/zing/srw/">
  <leader>00556nz  a2200145n  4500</leader>
  <controlfield tag="001">no2010045288</controlfield>
  <controlfield tag="003">DLC</controlfield>
  <controlfield tag="005">20100319075143.0</controlfield>
  <controlfield tag="008">100317n| acannaabn          |n aaa     c</controlfield>
  <datafield tag="010" ind1=" " ind2=" ">
    <subfield code="a">no2010045288</subfield>
  </datafield>
  <datafield tag="035" ind1=" " ind2=" ">
    <subfield code="a">(OCoLC)oca08428890</subfield>
  </datafield>
  <datafield tag="040" ind1=" " ind2=" ">
    <subfield code="a">ItFiC</subfield>
    <subfield code="b">eng</subfield>
    <subfield code="c">ItFiC</subfield>
  </datafield>
  <datafield tag="100" ind1="1" ind2=" ">
    <subfield code="a">De Andre패, Fabrizio.</subfield>
    <subfield code="t">Buona novella</subfield>
  </datafield>
  <datafield tag="670" ind1=" " ind2=" ">
    <subfield code="a">I Vangeli di Fabrizio De Andre패, 2009:</subfield>
    <subfield code="b">t.p. (La buona novella) p. 105 (Fabrizio De Andre패 album released Nov. 19, 1970)</subfield>
  </datafield>
  <datafield tag="670" ind1=" " ind2=" ">
    <subfield code="a">All-music guide WWW site, 07-01-2010:</subfield>
    <subfield code="b">(La Buon Novella; Fabrizio De Andre패 album released in 1970)</subfield>
  </datafield>
</record>